<?xml version="1.0" encoding="UTF-8"?><record xmlns="http://www.loc.gov/MARC21/slim" xmlns:cinclude="http://apache.org/cocoon/include/1.0" xmlns:zs="http://www.loc.gov/zing/srw/">
  <leader>00851cz  a2200169n  4500</leader>
  <controlfield tag="001">no2012059256</controlfield>
  <controlfield tag="003">DLC</controlfield>
  <controlfield tag="005">20130328081945.0</controlfield>
  <controlfield tag="008">120426n| azannaabn          sa ana     c</controlfield>
  <datafield tag="010" ind1=" " ind2=" ">
    <subfield code="a">no2012059256</subfield>
  </datafield>
  <datafield tag="035" ind1=" " ind2=" ">
    <subfield code="a">(OCoLC)oca09183105</subfield>
  </datafield>
  <datafield tag="040" ind1=" " ind2=" ">
    <subfield code="a">O</subfield>
    <subfield code="b">eng</subfield>
    <subfield code="e">rda</subfield>
    <subfield code="c">O</subfield>
    <subfield code="d">DLC</subfield>
  </datafield>
  <datafield tag="110" ind1="1" ind2=" ">
    <subfield code="a">Ohio.</subfield>
    <subfield code="b">Department of Mental Hygiene and Correction.</subfield>
    <subfield code="b">Agriculture Section</subfield>
  </datafield>
  <datafield tag="410" ind1="1" ind2=" ">
    <subfield code="a">Ohio.</subfield>
    <subfield code="b">Department of Mental Hygiene and Correction.</subfield>
    <subfield code="b">Division of General Administration.</subfield>
    <subfield code="b">Agriculture Section</subfield>
  </datafield>
  <datafield tag="410" ind1="1" ind2=" ">
    <subfield code="w">nnea</subfield>
    <subfield code="a">Ohio.</subfield>
    <subfield code="b">Dept. of Mental Hygiene and Correction.</subfield>
    <subfield code="b">Agriculture Section</subfield>
  </datafield>
  <datafield tag="510" ind1="1" ind2=" ">
    <subfield code="w">r</subfield>
    <subfield code="i">Hierarchical superior:</subfield>
    <subfield code="a">Ohio.</subfield>
    <subfield code="b">Department of Mental Hygiene and Correction.</subfield>
    <subfield code="b">Division of General Administration</subfield>
  </datafield>
  <datafield tag="670" ind1=" " ind2=" ">
    <subfield code="a">Its Annual report, 1979:</subfield>
    <subfield code="b">cover (State of Ohio, Department of Mental Hygiene and Correction, Division of General Administration, Agriculture Section)</subfield>
  </datafield>
</record>